@book{book_key1,
	address = {New York},
	publisher = {Oxford University Press},
	author = {Catford, J.C.},
	title = {A Practical Introduction to Phonetics},
	year = {2001},
	edition = {2}
}

@book{book_key2,
	address = {Berlin/Boston},
	publisher = {De Gruyter Mouton},
	author = {Tsunoda, Tasaku},
	title = {A Grammar of Warrongo},
	year = {2011}
}

@book{book_key3,
	publisher = {Cambridge University Press},
	author = {Payne, Thomas E.},
	title = {Describing Morphosyntax},
	year = {1997}
}

@book{book_key4,
	publisher = {Cambridge University Press},
	author = {Dixon, R.M.W.},
	title = {The Dyirbal Language of North Queensland},
	year = {1972}
}
@book{book_key5,
	address = {City},
	publisher = {Publisher},
	author = {Smith, John},
	title = {A Practical Introduction to Phonetics},
	year = {2012},
	volume = {3},
	series = {2},
	edition = {2},
	pages = {123--200},
	month = {January}
}

@incollection{Xincollection,
	author	= {Hale, Kenneth},
	title	= {The Adjoined Relative Clause in Australia},
	booktitle= {Grammatical Categories in Australian Languages},
	publisher= {Australian Institute of Aboriginal Studies},
	editor	= {Dixon, R.M.W},
	address= {Canberra},
	year	= {1976}
}

@article{article_key,
	address = {City},
	publisher = {Publisher},
	author = {Smith, James},
	title = {Article title},
	year = {2013},
	volume = {14},
	number = {6},
	pages = {1--8},
	month = {March}
}
